% This file was created with JabRef 2.7b.


@BOOK{peregrine1,
  author = {D.H. Peregrine},
  title ={Calculations of the development of an undular bore},
  publisher = {J. Fluid Mech.},
  year = {1996}
}


@BOOK{bona2,
  author = {P.J. Bryant},
  title = { A mathematical model for long waves generated by wave makers in nonlinear dispersive systems},
  publisher = {Proc. Cambridge Philos. Soc. 73},
  year = {1973}
}

@ARTICLE{piao3,
  author = {Y.X. Yin, G.R. Piao},
  title = {Quadratic B-spline finite element method for the Benjamin- Bona- Mahony- burgers equation},
  journal = { East Asian Math. J.},
  year = {2013},
  volume = {29},
  pages = {503--510},
  number = {5}
  }
  
  @ARTICLE{ej1,
  author = {L.R.T. Gardner, G.A. Gardner, A. Dogan},
  title = {A least-squares finite element scheme for the RLW equation},
  year = {1996},
  volume = {12},
  pages = {795-804},
  }
  
   @ARTICLE{ej2,
  author = {İ. Daǧ, N. Özer},
  title = {Approximation of the RLW equation by the least square cubic B-spline finite element method},
  year = {2001},
  volume = {25},
  pages = {221-231},
  number = {3}
  }
  
   @ARTICLE{ej3,
  author = {J.C. Eilbeck, G.R.McGuire},
  title = {Numerical study of the regularized long-wave equation. II: Interaction of solitary waves},
  year = {1977},
  volume = {23},
  pages = {63-73},
  }
  
   @ARTICLE{ej4,
  author = {D.Kaya},
  title = {A numerical simulation of solitary-wave solutions of the generalized regularized long-wave equation},
  year = {2004},
  volume = {149},
  pages = { 833-841},
  number = {3}
  }
  
  @BOOK{sobolev4,
  author = {H. Brezis},
  title = {Functional Analysis, Sobolev Spaces and Partial Differential Equations},
  publisher = {Springer New York, New York, NY},
  year = {2010}
}

 @BOOK{galerkin5,
  author = {A. Ern and J.L. Guermond},
  title = {Theory and Practice of Finite Elements},
  publisher = {Springer New York, New York, NY},
  year = {2004}
}

@BOOK{sobolev6,
  author = {R A. Adams, J. F. Fournier},
  title = {Pure and Applied Mathematics},
  publisher = {Academic Press},
  year = {2003}
}
@BOOK{simetria7,
  author = {Hydon, P. E.},
  title = {Symmetry Methods for Differential Equations: A Beginner’s
Guide},
  publisher = { Cambridge University Press},
  year = {2000}
}
@BOOK{simetria8,
  author = {O.P. J.},
  title = {Applications of Lie Groups to Differential Equations.},
  publisher = {Springer},
  year = {1986}
}

@BOOK{prenter9,
  author = {P. M. Prenter},
  title = {Splines and Variational Methods},
  publisher = {Dover Publications Inc.},
  year = {2009}
}

@BOOK{MWR,
  author = {J. Wiley, Ltd},
  title = {Advanced Numerical and Semi‐Analytical Methods for Differential Equations},
  publisher = {John Wiley & Sons, Ltd},
  year = {2019},
  pages = {31-43}
}
@BOOK{norma,
  author = { R. J .LeVeque},
  title = {Finite Difference Methods for Ordinary and Partial Differential Equations},
  publisher = {Society for Industrial and Applied Mathematics},
  year = {2007}
}

@comment{jabref-meta: selector_publisher:}

@comment{jabref-meta: selector_author:}

@comment{jabref-meta: selector_journal:}

@comment{jabref-meta: selector_keywords:}
